@Misc{stat-trek-statistics,
  Title                    = {Statistics and Probability Dictionary},

  Author                   = {Stat Trek},
  HowPublished             = {Web page},
  Month                    = {November},
  Year                     = {2017},

  Url                      = {http://stattrek.com/statistics/dictionary.aspx?definition=Interquartile%20range}
}


@Misc{how-big-data-has-changed-finance,
  Title                    = {How Big Data Has Changed Finance},

  Author                   = {Trevir Nath},
  Month                    = {April},
  Year                     = {2015},

  Url                      = {http://www.investopedia.com/articles/active-trading/040915/how-big-data-has-changed-finance.asp}
}

@Misc{how-much-data-is-created-daily,
  Title                    = {How much data is created daily?},

  Author                   = {Storage Servers},
  HowPublished             = {Web page},
  Month                    = {Feb},
  Year                     = {2016},

  Url                      = {https://storageservers.wordpress.com/2016/02/06/how-much-data-is-created-daily/}
}

@Misc{gartner-survey,
  Title                    = {Gartner Survey Reveals That 64 Percent of Organizations Have Invested or Plan to Invest in Big Data in 2013},

  Author                   = {STAMFORD, Conn},
  HowPublished             = {Web page},
  Month                    = {Sep},
  Year                     = {2013},

  Url                      = {http://www.gartner.com/newsroom/id/2593815}
}

@Misc{accenture-next-generation-financial,
  Title                    = {Exploring Next Generation Financial Services: The Big Data Revolution},

  Author                   = {Fabrizio Sarrocco and Vincenzo Morabito and Gregor Meyer},
  Year                     = {2016},

  Url                      = {https://www.accenture.com/t20170314T051509__w__/nl-en/_acnmedia/PDF-20/Accenture-Next-Generation-Financial.pdf}
}

@Misc{wiki-bigdata,
  Title                    = {Big data},

  Author                   = {Wiki},
  HowPublished             = {Web page},
  Month                    = {Oct},
  Year                     = {2017},

  Url                      = {https://en.wikipedia.org/wiki/Big_data}
}

@Misc{uci,
  Title                    = {Statlog (German Credit Data) Data Set},

  Author                   = {Dr. Hans Hofmann},
  HowPublished             = {Web page},
  Month                    = {November},
  Year                     = {1994},

  Url                      = {https://archive.ics.uci.edu/ml/datasets/Statlog+%28German+Credit+Data%29}
}

@Misc{german-credit-sri-sai,
  Title                    = {German Credit Data Analysis},

  Author                   = {Srisai Sivakumar},
  HowPublished             = {Web page},
  Month                    = {April},
  Year                     = {2014},

  Url                      = {http://srisai85.github.io/GermanCredit/German.html}
}

@Misc{psu-site,
  Title                    = {Analysis of German Credit Data},

  Author                   = {PennState Eberly College of Science},
  HowPublished             = {Web page},
  Month                    = {September},
  Year                     = {2016},

  Url                      = {https://onlinecourses.science.psu.edu/stat857/node/215}
}

@Misc{github,
  Title                    = {dataset in excel format},

  Author                   = {Dhanya Mathew},
  HowPublished             = {Web page},
  Month                    = {November},
  Year                     = {2017},

  Url                      = {https://github.com/bigdata-i523/hid328/tree/master/project}
}