@Misc{4-benefits-of-big-data-network-monitoring,
  Title                    = {4 Benefits of Big Data Network Monitoring},

  Author                   = {ingrammicroadvisor},
  HowPublished             = {web page},
  Month                    = {July},
  Year                     = {2017},

  Url                      = {http://www.ingrammicroadvisor.com/data-center/4-benefits-of-big-data-network-monitoring}
}

@Misc{key-benefits-of-managing-data-center-operations-with-analytics,
  Title                    = {Key Benefits of Managing Data Center Operations with Analytics},

  Author                   = {ingrammicroadvisor.com},
  HowPublished             = {web page},
  Month                    = {February},
  Year                     = {2017},

  Url                      = {http://www.ingrammicroadvisor.com/data-center/key-benefits-of-managing-data-center-operations-with-analytics}
}

@Misc{how-to-monitor-and-manage-your-data-center-network,
  Title                    = {How to monitor and manage your data center network},

  Author                   = {Brien Posey},
  HowPublished             = {web page},
  Month                    = {November},
  Year                     = {2017},

  Url                      = {http://searchnetworking.techtarget.com/tip/How-to-monitor-and-manage-your-data-center-network}
}

@Misc{how-analytics-can-help-your-customers-improve-data-center-operations,
  Title                    = {How Analytics Can Help Your Customers Improve Data Center Operations},

  Author                   = {ingrammicroadvisor.com},
  HowPublished             = {web page},
  Month                    = {Feb},
  Year                     = {2017},

  Url                      = {http://www.ingrammicroadvisor.com/data-center/how-analytics-can-help-your-customers-improve-data-center-operations}
}

@Misc{datacenter-monitoring-and-analytics-platform,
  Title                    = {Datacenter Monitoring and Analytics Platform},

  Author                   = {dataken},
  HowPublished             = {web page},
  Month                    = {October},
  Year                     = {2017},

  Url                      = {http://www.dataken.net/wp-content/uploads/2015/09/Datacenter-Monitoring-and-Analytics-Platform.pdf}
}

@Misc{IT-analytics-tools-bring-big-data-to-work-in-the-data-center,
  Title                    = {IT analytics tools bring big data to work in the data center},

  Author                   = {Alan R. Earls},
  HowPublished             = {web page},
  Month                    = {September},
  Year                     = {2017},

  Url                      = {http://searchitoperations.techtarget.com/feature/IT-analytics-tools-bring-big-data-to-work-in-the-data-center}
}

@Misc{network-fault-management-in-todays-complex-data-centers,
  Title                    = {Network fault management in today's complex data centers},

  Author                   = {David Jacobs},
  HowPublished             = {web page},
  Month                    = {May},
  Year                     = {2016},

  Url                      = {http://searchnetworking.techtarget.com/tip/Network-fault-management-in-todays-complex-data-centers}
}

@Misc{top-server-monitoring-application-performance-monitoring-apm-solutions,
  Title                    = {20 Top Server Monitoring \& Application Performance Monitoring (APM) Solutions},

  Author                   = {Hayden James},
  HowPublished             = {Web page},
  Month                    = {November},
  Year                     = {2014},

  Url                      = {https://haydenjames.io/20-top-server-monitoring-application-performance-monitoring-apm-solutions/}
}

@Misc{network-monitoring-datacenter-management,
  Title                    = {Solve your data center management woes with OpManager},

  Author                   = {manageengine.com},
  HowPublished             = {Web page},
  Month                    = {October},
  Year                     = {2017},

  Url                      = {https://www.manageengine.com/network-monitoring/datacenter-management.html}
}

@Misc{communications-network-technology-advances,
  Title                    = {Volume and Velocity are Driving Advances in Data Center Network Technology},

  Author                   = {Murray Slovick},
  HowPublished             = {Web page},
  Month                    = {September},
  Year                     = {2017},

  Url                      = {https://www.mouser.com/applications/communications-network-technology-advances/}
}

@Misc{digital-universe,
  Title                    = {The Digital Universe of Opportunities: Rich Data and the Increasing Value of the Internet of Things},

  Author                   = {EMC},
  HowPublished             = {Web page},
  Month                    = {April},
  Year                     = {2014},

  Url                      = {https://www.emc.com/leadership/digital-universe/2014iview/executive-summary.htm}
}

@Misc{big-data-network-performance-monitoring,
  Title                    = {Understanding Big Data Network Performance Monitoring: A Tutorial},

  Author                   = {Kentik},
  HowPublished             = {Web page},
  Month                    = {October},
  Year                     = {2017},

  Url                      = {https://www.kentik.com/kentipedia/big-data-network-performance-monitoring/}
}

@Misc{kentik-introduces-new-npm-solution,
  Title                    = {Kentik Introduces New NPM Solution},

  Author                   = {apmdigest},
  HowPublished             = {Web page},
  Month                    = {September},
  Year                     = {2016},

  Url                      = {http://www.apmdigest.com/kentik-introduces-new-npm-solution}
}

@MastersThesis{big-data-analytics-for-fault-detection,
  Title                    = {Big Data Analytics for Fault Detection and its Application in Maintenance},
  Author                   = {Liangwei Zhang},
  School                   = {Lulea University of Technology},
  Year                     = {2016},

  Address                  = {Sweden},

  Url                      = {file:///home/dhanya/Downloads/341301390-Big-Data-Analytics-for-Fault-Detection-and-Its-Application-in-Maintenance.pdf}
}

@Misc{how-to-use-big-data-to-improve-your-customer-service,
  Title                    = {How to Use Big Data to Improve Your Customer Service},

  Author                   = {AJ Agrawal},
  HowPublished             = {Web page},
  Month                    = {June},
  Year                     = {2017},

  Url                      = {http://customerthink.com/how-to-use-big-data-to-improve-your-customer-service/}
}

@Misc{streaming-based-network-monitoring-and-threat-detection-system,
  Title                    = {A streaming-based network monitoring and threat detection system},

  Author                   = {Zhijiang Chen and Hanlin Zhang and William G. Hatcher},
  HowPublished             = {Web page},
  Month                    = {June},
  Year                     = {2016},

  Url                      = {http://ieeexplore.ieee.org/document/7516125/}
}