@Misc{the-real-world-use-of-big-data-935,
  Title                    = {Analytics: The real-world use of big data in financial services},

  Author                   = {David Turner and Michael Schroeck and Rebecca Shockley},
  Month                    = {May},
  Year                     = {2013},

  Url                      = {https://www-935.ibm.com/services/multimedia/Analytics_The_real_world_use_of_big_data_in_Financial_services_Mai_2013.pdf}
}

@Misc{accenture-next-generation-financial,
  Title                    = {Exploring Next Generation Financial Services: The Big Data Revolution},

  Author                   = {Fabrizio Sarrocco and Vincenzo Morabito and Gregor Meyer},
  Year                     = {2016},

  Url                      = {https://www.accenture.com/t20170314T051509__w__/nl-en/_acnmedia/PDF-20/Accenture-Next-Generation-Financial.pdf}
}

@Misc{big-data-storage,
  Title                    = {Big data storage: Defining big data and the type of storage it needs},

  Author                   = {Antony Adshead},
  Month                    = {April},
  Year                     = {2013},

  Url                      = {http://www.computerweekly.com/podcast/Big-data-storage-Defining-big-data-and-the-type-of-storage-it-needs}
}

@Misc{bigdata-ey,
  Title                    = {Big data Changing the way businesses compete and operate},

  Author                   = {EY},
  Month                    = {April},
  Year                     = {2014},

  Url                      = {http://www.ey.com/Publication/vwLUAssets/EY_-_Big_data:_changing_the_way_businesses_operate/%24FILE/EY-Insights-on-GRC-Big-data.pdf}
}

@Misc{5-big-data-use-cases-in-banking-and-financial-services,
  Title                    = {5 Big Data Use Cases in Banking and Financial Services},

  Author                   = {ingrammicroadvisor},
  HowPublished             = {Web page},
  Month                    = {Feb},
  Year                     = {2017},

  Url                      = {http://www.ingrammicroadvisor.com/data-center/5-big-data-use-cases-in-banking-and-financial-services}
}

@Misc{the-top-5-trends-for-big-data-in-financial-services,
  Title                    = {The Top 5 Trends for Big Data in Financial Services},

  Author                   = {ingrammicroadvisor},
  HowPublished             = {Web page},
  Month                    = {Sep},
  Year                     = {2017},

  Url                      = {http://www.ingrammicroadvisor.com/data-center/the-top-5-trends-for-big-data-in-financial-services}
}

@Misc{wiki-bigdata,
  Title                    = {Big data},

  Author                   = {Wiki},
  HowPublished             = {Web page},
  Month                    = {Oct},
  Year                     = {2017},

  Url                      = {https://en.wikipedia.org/wiki/Big_data}
}


@Misc{data-lakes,
  Title                    = {Data lakes and big data analytics: the what, why and how of data lakes},

  Author                   = {i-scoop},
  HowPublished             = {Web page},
  Year                     = {2016},

  Url                      = {https://www.i-scoop.eu/big-data-action-value-context/data-lakes/}
}


@Misc{bigdata-innovations,
  Title                    = {Big data},

  Author                   = {tableau},
  HowPublished             = {Web page},
  Year                     = {2017},

  Url                      = {https://www.tableau.com/solutions/big-data?utm_campaign=Prospecting-BGDATA-ALL-ALL&utm_medium=Paid+Search&utm_source=Bing&utm_language=EN&utm_country=USCA&kw=%2Bbig%20%2Bdata&adgroup=CTX-Big+Data-Sitelink&adused=%7bcreative%7d&matchtype=p&placement=%7bplacement%7d&gclid=CNGAtcXn09YCFWwifgodDW4Dsw&gclsrc=ds&dclid=CMPCu8Xn09YCFcjVZAodCT4PlQ}
}

@Misc{risk-with-bigdata,
  Title                    = {The Problem With Big Data in Financial Services},

  Author                   = {Justin Kuepper},
  Month                    = {January},
  Year                     = {2017},

  Url                      = {http://www.investopedia.com/articles/insights/010517/problem-big-data-financial-services.asp}
}

@Misc{5risks-bigdata,
  Title                    = {The 5 Biggest Risks of Big Data},

  Author                   = {Bernard Marr},
  Month                    = {June},
  Year                     = {2015},

  Url                      = {http://data-informed.com/the-5-biggest-risks-of-big-data/}
}

@Misc{how-big-data-has-changed-finance,
  Title                    = {How Big Data Has Changed Finance},

  Author                   = {Trevir Nath},
  Month                    = {April},
  Year                     = {2015},

  Url                      = {http://www.investopedia.com/articles/active-trading/040915/how-big-data-has-changed-finance.asp}
}

@Misc{how-much-data-is-created-daily,
  Title                    = {How much data is created daily?},

  Author                   = {Storage Servers},
  HowPublished             = {Web page},
  Month                    = {Feb},
  Year                     = {2016},

  Url                      = {https://storageservers.wordpress.com/2016/02/06/how-much-data-is-created-daily/}
}



@Misc{gartner-survey,
  Title                    = {Gartner Survey Reveals That 64 Percent of Organizations Have Invested or Plan to Invest in Big Data in 2013},

  Author                   = {STAMFORD, Conn},
  HowPublished             = {Web page},
  Month                    = {Sep},
  Year                     = {2013},

  Url                      = {http://www.gartner.com/newsroom/id/2593815}
}

@Article{bigdata-banking,
  Title                    = {Impact of Big Data Analytics on Banking Sector: Learning for Indian Banks},
  Author                   = {Utkarsh Srivastava and Santosh Gopalkrishnan},
  Journal                  = {Procedia Computer Science},
  Year                     = {2015},

  Month                    = {May},
  Number                   = {1},
  Pages                    = {Pages 643-652},
  Volume                   = {50},

  Doi                      = {https://doi.org/10.1016/j.procs.2015.04.098},
  Url                      = {https://www.sciencedirect.com/science/article/pii/S1877050915005992}
}